[gd_scene load_steps=4 format=2]

[ext_resource path="res://assets/letters.png" type="Texture" id=1]
[ext_resource path="res://hud.gd" type="Script" id=2]
[ext_resource path="res://crosshair.tscn" type="PackedScene" id=3]

[node name="hud" type="Node2D"]
script = ExtResource( 2 )

[node name="hud_backg" type="ColorRect" parent="."]
visible = false
margin_top = 280.0
margin_right = 640.0
margin_bottom = 400.0
color = Color( 0.686275, 0.686275, 0.686275, 1 )

[node name="crosshair" parent="." instance=ExtResource( 3 )]
visible = false
position = Vector2( 520, 328 )

[node name="letters" type="Node2D" parent="."]
modulate = Color( 1, 1, 1, 0.47451 )
position = Vector2( -2, 280 )

[node name="S" type="Sprite" parent="letters"]
position = Vector2( 48, 0 )
scale = Vector2( 0.5, 0.5 )
texture = ExtResource( 1 )
region_enabled = true
region_rect = Rect2( 0, 0, 32, 32 )

[node name="D" type="Sprite" parent="letters"]
position = Vector2( 128, 0 )
scale = Vector2( 0.5, 0.5 )
texture = ExtResource( 1 )
region_enabled = true
region_rect = Rect2( 32, 0, 32, 32 )

[node name="F" type="Sprite" parent="letters"]
position = Vector2( 208, 0 )
scale = Vector2( 0.5, 0.5 )
texture = ExtResource( 1 )
region_enabled = true
region_rect = Rect2( 64, 0, 32, 32 )

[node name="G" type="Sprite" parent="letters"]
position = Vector2( 288, 0 )
scale = Vector2( 0.5, 0.5 )
texture = ExtResource( 1 )
region_enabled = true
region_rect = Rect2( 96, 0, 32, 32 )

[node name="H" type="Sprite" parent="letters"]
position = Vector2( 368, 0 )
scale = Vector2( 0.5, 0.5 )
texture = ExtResource( 1 )
region_enabled = true
region_rect = Rect2( 128, 0, 32, 32 )

[node name="J" type="Sprite" parent="letters"]
position = Vector2( 448, 0 )
scale = Vector2( 0.5, 0.5 )
texture = ExtResource( 1 )
region_enabled = true
region_rect = Rect2( 160, 0, 32, 32 )

[node name="K" type="Sprite" parent="letters"]
position = Vector2( 528, 0 )
scale = Vector2( 0.5, 0.5 )
texture = ExtResource( 1 )
region_enabled = true
region_rect = Rect2( 192, 0, 32, 32 )

[node name="L" type="Sprite" parent="letters"]
position = Vector2( 608, 0 )
scale = Vector2( 0.5, 0.5 )
texture = ExtResource( 1 )
region_enabled = true
region_rect = Rect2( 224, 0, 32, 32 )
