[gd_scene load_steps=14 format=2]

[ext_resource path="res://platform.tscn" type="PackedScene" id=1]
[ext_resource path="res://key.tscn" type="PackedScene" id=2]
[ext_resource path="res://trap.tscn" type="PackedScene" id=3]
[ext_resource path="res://rune.tscn" type="PackedScene" id=4]
[ext_resource path="res://floorswitch.tscn" type="PackedScene" id=5]
[ext_resource path="res://door.tscn" type="PackedScene" id=6]
[ext_resource path="res://player.tscn" type="PackedScene" id=7]
[ext_resource path="res://assets/back.png" type="Texture" id=8]
[ext_resource path="res://assets/background 1.png" type="Texture" id=9]
[ext_resource path="res://level.gd" type="Script" id=10]
[ext_resource path="res://assets/frise.png" type="Texture" id=11]
[ext_resource path="res://barrel.tscn" type="PackedScene" id=12]
[ext_resource path="res://assets/foliage.png" type="Texture" id=13]

[node name="level" type="Node2D" groups=["level"]]
script = ExtResource( 10 )
__meta__ = {
"_edit_vertical_guides_": [ 146.0 ]
}

[node name="hud_backg" type="Sprite" parent="."]
position = Vector2( 320, 180 )
texture = ExtResource( 9 )

[node name="platforms" type="Node2D" parent="."]

[node name="entities" type="Node2D" parent="."]

[node name="door" parent="entities" groups=["action-targets"] instance=ExtResource( 6 )]
position = Vector2( 579, 181 )
next_level = "last_level"

[node name="floorswitch" parent="entities" instance=ExtResource( 5 )]
position = Vector2( 93, 206 )
target_name = "trap"

[node name="floorswitch2" parent="entities" instance=ExtResource( 5 )]
position = Vector2( 146, 206 )
target_name = "trap2"

[node name="floorswitch3" parent="entities" instance=ExtResource( 5 )]
position = Vector2( 177, 206 )
target_name = "trap3"

[node name="floorswitch4" parent="entities" instance=ExtResource( 5 )]
position = Vector2( 207, 206 )
target_name = "trap4"

[node name="floorswitch5" parent="entities" instance=ExtResource( 5 )]
position = Vector2( 237, 206 )
target_name = "trap5"

[node name="floorswitch6" parent="entities" instance=ExtResource( 5 )]
position = Vector2( 267, 206 )
target_name = "trap6"

[node name="floorswitch7" parent="entities" instance=ExtResource( 5 )]
position = Vector2( 297, 206 )
target_name = "trap7"

[node name="floorswitch8" parent="entities" instance=ExtResource( 5 )]
position = Vector2( 329, 206 )
target_name = "trap8"

[node name="floorswitch9" parent="entities" instance=ExtResource( 5 )]
position = Vector2( 359, 206 )
target_name = "trap9"

[node name="barrel" parent="entities" instance=ExtResource( 12 )]
position = Vector2( 145, 106 )

[node name="barrel2" parent="entities" instance=ExtResource( 12 )]
position = Vector2( 172, 106 )

[node name="barrel3" parent="entities" instance=ExtResource( 12 )]
position = Vector2( 206, 106 )

[node name="barrel4" parent="entities" instance=ExtResource( 12 )]
position = Vector2( 237, 106 )

[node name="barrel5" parent="entities" instance=ExtResource( 12 )]
position = Vector2( 266, 106 )

[node name="barrel6" parent="entities" instance=ExtResource( 12 )]
position = Vector2( 300, 106 )

[node name="barrel7" parent="entities" instance=ExtResource( 12 )]
position = Vector2( 328, 106 )

[node name="barrel8" parent="entities" instance=ExtResource( 12 )]
position = Vector2( 359, 106 )

[node name="trap" parent="entities" instance=ExtResource( 3 )]
position = Vector2( 145, 124 )
scale = Vector2( 0.3, 1 )

[node name="trap2" parent="entities" instance=ExtResource( 3 )]
position = Vector2( 175, 124 )
scale = Vector2( 0.3, 1 )

[node name="trap3" parent="entities" instance=ExtResource( 3 )]
position = Vector2( 206, 124 )
scale = Vector2( 0.3, 1 )

[node name="trap4" parent="entities" instance=ExtResource( 3 )]
position = Vector2( 236, 124 )
scale = Vector2( 0.3, 1 )

[node name="trap5" parent="entities" instance=ExtResource( 3 )]
position = Vector2( 267, 124 )
scale = Vector2( 0.3, 1 )

[node name="trap6" parent="entities" instance=ExtResource( 3 )]
position = Vector2( 298, 124 )
scale = Vector2( 0.3, 1 )

[node name="trap7" parent="entities" instance=ExtResource( 3 )]
position = Vector2( 329, 124 )
scale = Vector2( 0.3, 1 )

[node name="trap8" parent="entities" instance=ExtResource( 3 )]
position = Vector2( 360, 124 )
scale = Vector2( 0.3, 1 )

[node name="trap9" parent="entities" instance=ExtResource( 3 )]
position = Vector2( 391, 124 )
scale = Vector2( 0.3, 1 )

[node name="key" parent="entities" instance=ExtResource( 2 )]
position = Vector2( 391, 106 )

[node name="player" parent="." instance=ExtResource( 7 )]
position = Vector2( 67, 184 )

[node name="floor" parent="." instance=ExtResource( 1 )]
position = Vector2( 325, 212 )
scale = Vector2( 6.72, 1 )

[node name="Back" type="Sprite" parent="."]
position = Vector2( 321, 247 )
scale = Vector2( 2.0122, 2.0122 )
texture = ExtResource( 8 )

[node name="Frise" type="Sprite" parent="."]
position = Vector2( 320, 259 )
texture = ExtResource( 11 )

[node name="runes" type="Node2D" parent="."]
position = Vector2( 0, 320 )
z_index = 1

[node name="movement3" parent="runes" instance=ExtResource( 4 )]
position = Vector2( 231, -5 )
rune_type = 2

[node name="movement" parent="runes" instance=ExtResource( 4 )]
position = Vector2( 231, -5 )
rune_type = 2

[node name="precision" parent="runes" instance=ExtResource( 4 )]

[node name="movement2" parent="runes" instance=ExtResource( 4 )]
position = Vector2( 231, -5 )
rune_type = 2

[node name="precision2" parent="runes" instance=ExtResource( 4 )]

[node name="precision3" parent="runes" instance=ExtResource( 4 )]

[node name="foliage" type="Sprite" parent="."]
modulate = Color( 1, 1, 1, 0.619608 )
position = Vector2( 320, 180 )
texture = ExtResource( 13 )
